<?xml version="1.0" encoding="UTF-8"?><collection xmlns="http://www.loc.gov/MARC21/slim"><record><leader>00458nam--2200133-i-4500</leader><controlfield tag="001">000030112</controlfield><controlfield tag="002">20161230</controlfield><controlfield tag="005">20161230201038</controlfield><controlfield tag="008">060222s1000------------r-----000-0-eng-d</controlfield><datafield ind1=" " ind2=" " tag="080"><subfield code="a">65.01(061.3)</subfield></datafield><datafield ind1=" " ind2=" " tag="245"><subfield code="a">Lucrarile consfatuirii `organizarea si normarea muncii personalului tehnic, economic, de alta specialitate si administrativ</subfield></datafield><datafield ind1=" " ind2=" " tag="260"><subfield code="a">Bucuresti, Centr.De Docum.Si Publ., 1973, 315p</subfield></datafield><datafield ind1=" " ind2=" " tag="490"><subfield code="a">Bibl.Specialistului In Org.St.A Muncii</subfield></datafield><datafield ind1=" " ind2=" " tag="852"><subfield code="a">39568</subfield></datafield></record></collection>